@article{soleymani2011multimodal,
  title={A multimodal database for affect recognition and implicit tagging},
  author={Soleymani, Mohammad and Lichtenauer, Jeroen and Pun, Thierry and Pantic, Maja},
  journal={IEEE Transactions on Affective Computing},
  volume={3},
  number={1},
  pages={42--55},
  year={2011},
  publisher={IEEE}
}

@article{courtemanche2018physiological,
  title={Physiological heatmaps: a tool for visualizing usersâ€™ emotional reactions},
  author={Courtemanche, Fran{\c{c}}ois and L{\'e}ger, Pierre-Majorique and Dufresne, Aude and Fredette, Marc and Labont{\'e}-LeMoyne, {\'E}lise and S{\'e}n{\'e}cal, Sylvain},
  journal={Multimedia Tools and Applications},
  volume={77},
  number={9},
  pages={11547--11574},
  year={2018},
  publisher={Springer}
}

@inproceedings{courtemanche2014multiresolution,
  title={Multiresolution feature extraction during psychophysiological inference: addressing signals Asynchronicity},
  author={Courtemanche, Fran{\c{c}}ois and Dufresne, Aude and LeMoyne, {\'E}lise L},
  booktitle={International Conference on Physiological Computing Systems},
  pages={43--56},
  year={2014},
  organization={Springer}
}

@misc{carreiras2018biosppy,
  title={BioSPPy: Biosignal Processing in Python},
  author={Carreiras, Carlos and Alves, Ana Priscila and Louren{\c{c}}o, Andr{\'e} and Canento, Filipe and Silva, Hugo and Fred, Ana and others},
  year={2018}
}

@article{greco2015cvxeda,
  title={cvxEDA: A convex optimization approach to electrodermal activity processing},
  author={Greco, Alberto and Valenza, Gaetano and Lanata, Antonio and Scilingo, Enzo Pasquale and Citi, Luca},
  journal={IEEE Transactions on Biomedical Engineering},
  volume={63},
  number={4},
  pages={797--804},
  year={2015},
  publisher={IEEE}
}

@article{russell1977evidence,
  title={Evidence for a three-factor theory of emotions},
  author={Russell, James A and Mehrabian, Albert},
  journal={Journal of research in Personality},
  volume={11},
  number={3},
  pages={273--294},
  year={1977},
  publisher={Elsevier}
}